@book{AgileProjectManagement,
  title={Agile project management with Scrum},
  author={Schwaber, Ken},
  year={2004},
  publisher={Microsoft press}
}

@book{AmblerDAD,
  title={Disciplined agile delivery: A practitioner's guide to agile software delivery in the enterprise},
  author={Ambler, Scott W and Lines, Mark},
  year={2012},
  publisher={IBM Press}
}

@inproceedings{BareissTransferable,
  title={Changes in transferable knowledge resulting from study in a graduate software engineering curriculum},
  author={Bareiss, Ray and Sedano, Todd and Katz, Edward},
  booktitle={Software Engineering Education and Training (CSEE\&T), 2012 IEEE 25th Conference on},
  pages={3--12},
  year={2012},
  organization={IEEE}
}

@book{BoehmBalancingAgilityAndDiscipline,
  title={Balancing Agility and Discipline: A Guide for the Perplexed, Portable Documents},
  author={Boehm, Barry and Turner, Richard},
  year={2003},
  publisher={Addison-Wesley Professional}
}

@book{CameronSociologicalThinking,
  title={Informal sociology: A casual introduction to sociological thinking},
  author={Cameron, William Bruce},
  volume={21},
  year={1963},
  publisher={Random house New York}
}

@book{EssenceBook,
  title={The essence of software Engineering: applying the SEMAT kernel},
  author={Jacobson, Ivar and Ng, Pan-Wei and McMahon, Paul E and Spence, Ian and Lidman, Svante},
  year={2013},
  publisher={Addison-Wesley}
}

@book{ExtremeProgramming2000,
  title={Extreme Programming Explained: Embrace Change},
  author = {Beck, Kent},
  publisher={Addison-Wesley Professional},
  year={2000}
}

@article{GrenningPlanningPoker,
  title={Planning poker or how to avoid analysis paralysis while release planning},
  author={Grenning, James},
  journal={Hawthorn Woods: Renaissance Software Consulting},
  volume={3},
  year={2002}
}

@INPROCEEDINGS{GQM, 
  author={Jedlitschka, A. and Pfahl, D.}, 
  booktitle={ International Symposium on Empirical Software Engineering, 2005.}, 
  title={Reporting guidelines for controlled experiments in software engineering}, 
  year={2005}, 
  month={Nov}, 
  keywords={software engineering;empirical software engineering;guideline development process;Costs;Data mining;Feedback;Guidelines;Programming;Proposals;Psychology;Software engineering;Standards publication;Taxonomy}, 
  doi={10.1109/ISESE.2005.1541818},}


@INPROCEEDINGS{GQMLong, 
  author={Jedlitschka, A. and Pfahl, D.}, 
  booktitle={ International Symposium on Empirical Software Engineering, 2005.}, 
  title={Reporting guidelines for controlled experiments in software engineering}, 
  year={2005}, 
  month={Nov}, 
  pages={10 pp.}, 
  keywords={software engineering;empirical software engineering;guideline development process;Costs;Data mining;Feedback;Guidelines;Programming;Proposals;Psychology;Software engineering;Standards publication;Taxonomy}, 
  doi={10.1109/ISESE.2005.1541818},}

@article{JacobsonCallForAction,
  title={The SEMAT initiative: A call for action},
  author={Jacobson, Ivar and Meyer, Bertrand and Soley, Richard},
  journal={Dr. Dobb's Journal},
  volume={10},
  year={2009}
}

@book{KrollRUP,
  title={The rational unified process made easy: a practitioner's guide to the RUP},
  author={Kroll, Per and Kruchten, Philippe},
  year={2003},
  publisher={Addison-Wesley Professional}
}

@article{KruchtenContextualizingAgile,
  title={Contextualizing agile software development},
  author={Kruchten, Philippe},
  journal={Journal of Software: Evolution and Process},
  volume={25},
  number={4},
  pages={351--361},
  year={2013},
  publisher={Wiley Online Library}
}

@article{SEMATKernel,
  title={The essence of software engineering: the SEMAT kernel},
  author={Jacobson, Ivar and Ng, Pan-Wei and McMahon, Paul and Spence, Ian and Lidman, Svante},
  journal={Queue},
  volume={10},
  number={10},
  pages={40},
  year={2012},
  publisher={ACM}
}

@book{StellmanAppliedPM,
  title={Applied software project management},
  author={Stellman, Andrew and Greene, Jennifer},
  year={2005},
  publisher={" O'Reilly Media, Inc."}
}














